<?xml version="1.0" encoding="UTF-8" ?><marc:collection xmlns:marc="http://www.loc.gov/MARC21/slim" xmlns:xsi="http://www.w3.org/2001/XMLSchema-instance" xsi:schemaLocation="http://www.loc.gov/MARC21/slim http://www.loc.gov/standards/marcxml/schema/MARC21slim.xsd">
<marc:record><marc:leader>02046ntm a2200397Ia 4500</marc:leader>
<marc:controlfield tag="001">on1243898199</marc:controlfield>
<marc:controlfield tag="003">OCoLC</marc:controlfield><marc:controlfield tag="005">20210407122844.0</marc:controlfield><marc:controlfield tag="008">210330q18301920xx            000 0 ara d</marc:controlfield><marc:datafield tag="040" ind1=" " ind2=" "><marc:subfield code="a">PLF</marc:subfield><marc:subfield code="b">eng</marc:subfield><marc:subfield code="e">amremm</marc:subfield><marc:subfield code="c">PLF</marc:subfield><marc:subfield code="d">OCLCO</marc:subfield></marc:datafield><marc:datafield tag="035" ind1=" " ind2=" "><marc:subfield code="a">(PLF)2572448</marc:subfield></marc:datafield><marc:datafield tag="099" ind1=" " ind2=" "><marc:subfield code="a">Lewis O 179</marc:subfield></marc:datafield><marc:datafield tag="049" ind1=" " ind2=" "><marc:subfield code="a">PLFF</marc:subfield></marc:datafield><marc:datafield tag="245" ind1="0" ind2="0"><marc:subfield code="a">[Devotional book].</marc:subfield></marc:datafield><marc:datafield tag="260" ind1=" " ind2=" "><marc:subfield code="c">[between 1830 and 1920?]</marc:subfield></marc:datafield><marc:datafield tag="300" ind1=" " ind2=" "><marc:subfield code="a">83 leaves :</marc:subfield><marc:subfield code="b">paper ;</marc:subfield><marc:subfield code="c">116 x 85 (90 x 70), bound to 117 x 95 mm.</marc:subfield></marc:datafield><marc:datafield tag="500" ind1=" " ind2=" "><marc:subfield code="a">Ms. codex.</marc:subfield></marc:datafield><marc:datafield tag="520" ind1=" " ind2=" "><marc:subfield code="a">Devotional book containing prayers, questions and answers about religious practice, protective devices and other devotional materials.</marc:subfield></marc:datafield><marc:datafield tag="546" ind1=" " ind2=" "><marc:subfield code="a">Arabic.</marc:subfield></marc:datafield><marc:datafield tag="500" ind1=" " ind2=" "><marc:subfield code="a">Title supplied by cataloger.</marc:subfield></marc:datafield><marc:datafield tag="500" ind1=" " ind2=" "><marc:subfield code="a">Foliation: Unfoliated; catchwords every verso, lower left.</marc:subfield></marc:datafield><marc:datafield tag="500" ind1=" " ind2=" "><marc:subfield code="a">Layout: Written in 10 long lines.</marc:subfield></marc:datafield><marc:datafield tag="500" ind1=" " ind2=" "><marc:subfield code="a">Script: Written in a West African naskh in three different hands; black ink; pointed.</marc:subfield></marc:datafield><marc:datafield tag="500" ind1=" " ind2=" "><marc:subfield code="a">Decoration: A few simple line and dot decorations in black ink.</marc:subfield></marc:datafield><marc:datafield tag="500" ind1=" " ind2=" "><marc:subfield code="a">Binding: Reddish leather over pasteboard with flap (Type II); shadows from a central mandorla, cornerpieces and border onlays remain; hinge and flap doublure is painted with purple and green geometric pattern, otherwise plain paper doublure.</marc:subfield></marc:datafield><marc:datafield tag="500" ind1=" " ind2=" "><marc:subfield code="a">Origin: The item is undated; probably produced in the 19th or early 20th century.</marc:subfield></marc:datafield><marc:datafield tag="541" ind1="1" ind2=" "><marc:subfield code="a">Acquired with the Pepper Fund in January 1926 (note in pencil, f. [83]v).</marc:subfield></marc:datafield><marc:datafield tag="600" ind1="0" ind2="0"><marc:subfield code="a">Muḥammad,</marc:subfield><marc:subfield code="c">Prophet,</marc:subfield><marc:subfield code="d">-632</marc:subfield><marc:subfield code="v">Prayers and devotions.</marc:subfield></marc:datafield><marc:datafield tag="650" ind1=" " ind2="0"><marc:subfield code="a">Islam</marc:subfield><marc:subfield code="v">Prayers and devotions.</marc:subfield></marc:datafield><marc:datafield tag="650" ind1=" " ind2="0"><marc:subfield code="a">Islam</marc:subfield><marc:subfield code="x">Customs and practices.</marc:subfield></marc:datafield><marc:datafield tag="650" ind1=" " ind2="0"><marc:subfield code="a">Manuscripts, Arabic</marc:subfield><marc:subfield code="y">19th century.</marc:subfield></marc:datafield><marc:datafield tag="650" ind1=" " ind2="0"><marc:subfield code="a">Manuscripts, Oriental</marc:subfield><marc:subfield code="y">19th century.</marc:subfield></marc:datafield><marc:datafield tag="655" ind1=" " ind2="7"><marc:subfield code="a">manuscripts (documents)</marc:subfield><marc:subfield code="2">aat</marc:subfield><marc:subfield code="0">(CStmoGRI)aatgf300028569</marc:subfield></marc:datafield><marc:datafield tag="655" ind1=" " ind2="7"><marc:subfield code="a">Illuminations (painting)</marc:subfield><marc:subfield code="2">aat</marc:subfield></marc:datafield><marc:datafield tag="710" ind1="2" ind2=" "><marc:subfield code="a">Free Library of Philadelphia.</marc:subfield><marc:subfield code="b">Rare Book Department.</marc:subfield><marc:subfield code="b">John Frederick Lewis Collection of Oriental Manuscripts.</marc:subfield></marc:datafield><marc:datafield tag="856" ind1="4" ind2="1"><marc:subfield code="z">Digital facsimile in OPenn</marc:subfield><marc:subfield code="u">https://openn.library.upenn.edu/Data/0023/html/lewis_o_179.html</marc:subfield></marc:datafield><marc:datafield tag="852" ind1=" " ind2=" "><marc:subfield code="b">Rare Book Department</marc:subfield><marc:subfield code="a">Free Library of Philadelphia</marc:subfield><marc:subfield code="e">Philadelphia</marc:subfield><marc:subfield code="u">https://know.freelibrary.org/Record/2572448</marc:subfield></marc:datafield><marc:datafield tag="994" ind1=" " ind2=" "><marc:subfield code="a">C0</marc:subfield><marc:subfield code="b">PAU</marc:subfield></marc:datafield></marc:record>
</marc:collection>
